<?xml version="1.0" encoding="UTF-8"?><collection xmlns="http://www.loc.gov/MARC21/slim"><record><leader>00422nam--2200169-i-4500</leader><controlfield tag="001">000009661</controlfield><controlfield tag="002">20161230</controlfield><controlfield tag="005">20161230201028</controlfield><controlfield tag="008">060222s1000------------r-----000-0-eng-d</controlfield><datafield ind1=" " ind2=" " tag="040"><subfield code="a">IFIN-HH</subfield></datafield><datafield ind1=" " ind2=" " tag="080"><subfield code="a">800.7:802.0</subfield></datafield><datafield ind1="1" ind2=" " tag="100"><subfield code="a">Billows,F.L</subfield></datafield><datafield ind1="1" ind2="0" tag="245"><subfield code="a">The techniques of language teaching</subfield><subfield code="c">F.l. billows</subfield></datafield><datafield ind1=" " ind2=" " tag="260"><subfield code="a">London</subfield><subfield code="b">Longman</subfield><subfield code="c">1970</subfield></datafield><datafield ind1=" " ind2=" " tag="300"><subfield code="a">XI + 129P</subfield></datafield><datafield ind1=" " ind2=" " tag="852"><subfield code="a">34997</subfield><subfield code="c">4</subfield></datafield><datafield ind1=" " ind2=" " tag="CAT"><subfield code="a">Sys</subfield><subfield code="c">20130201</subfield><subfield code="h">102919</subfield></datafield></record></collection>